@article{Aguiar2004a,
author = {Aguiar, P and Chadwick, D and Kershenbaum, L},
doi = {10.1016/j.ces.2003.09.022},
file = {:Users/vinod/Library/Literature/SOFC/Aguiar\_ces\_59\_2004.pdf:pdf},
journal = {Chem. Eng. Sci.},
keywords = {direct and indirect internal,modelling,reforming,sofcs,steam reforming},
pages = {87 -- 97},
title = {{Effect of methane slippage on an indirect internal reforming solid oxide fuel cell}},
volume = {59},
year = {2004}
}
@article{Aguiar2004,
author = {Aguiar, P and Adjiman, C S and Brandon, N P},
doi = {10.1016/j.jpowsour.2004.06.040},
file = {:Users/vinod/Library/Literature/SOFC/Aguiar\_jps\_138\_2004.pdf:pdf},
journal = {J. Power Sources},
keywords = {anode-supported,direct internal reforming,dynamic model,intermediate temperature,planar,sofc},
pages = {120--136},
title = {{Anode-supported intermediate temperature direct internal reforming solid oxide fuel cell . I : model-based steady-state performance}},
volume = {138},
year = {2004}
}
@article{Aguiar2005,
author = {Aguiar, P and Adjiman, C S and Brandon, N P},
doi = {10.1016/j.jpowsour.2005.01.017},
file = {:Users/vinod/Library/Literature/SOFC/Aguiar\_jps\_147\_2005.pdf:pdf},
journal = {J. Power Sources},
keywords = {anode-supported,control strategy,dir,dynamic simulation,intermediate-temperature,sofc},
pages = {136--147},
title = {{Anode-supported intermediate-temperature direct internal reforming solid oxide fuel cell II . Model-based dynamic performance and control}},
volume = {147},
year = {2005}
}
@phdthesis{Pakalapati2003,
author = {Pakalapati, Suryanarayana Raju},
booktitle = {Aerospace Engineering},
file = {:Users/vinod/Library/Literature/SOFC/A Numerical Study Of Current Distribution Inside The.pdf:pdf},
pages = {113},
school = {West Virginia},
title = {{A Numerical Study Of Current Distribution Inside The Cathode And Electrolyte Of A Solid Oxide Fuel Cell}},
year = {2003}
}
@article{Achenbach1995,
author = {Achenbach, Elmar},
file = {:Users/vinod/Library/Literature/SOFC/Achenbach\_jps\_57\_1995.pdf:pdf},
journal = {J. Power Sources},
keywords = {load change,simulation,solid oxide fuel cell,transient behaviour},
number = {95},
pages = {105--109},
title = {{Response of a solid oxide fuel cell to load change}},
volume = {57},
year = {1995}
}
@book{Bard2001,
author = {Bard, Allen J and Faulkner, Larry R},
edition = {2nd},
file = {:Users/vinod/Library/Books/Electrochemistry/Bard A.J., Faulkner L.R. Electrochemical methods. Fundamentals and applications (2ed., Wiley, 2001)(K)(T)(850s).pdf:pdf},
isbn = {0-471-04372-9},
pages = {1--814},
publisher = {John Wiley \& Sons},
title = {{Electrochemical Methods Fundamentals and Applications}},
year = {2001}
}
@phdthesis{Iordanidis2002,
author = {Iordanidis, A A},
file = {:Users/vinod/Library/Thesis/packed\_bed.pdf:pdf},
pages = {1--204},
school = {University of Twente, the Netherlands},
title = {{Mathematical Modeling of Catalytic Fixed Bed Reactors}},
year = {2002}
}
