@article{collister2007megaz,
  title={MegaZ-LRG: a photometric redshift catalogue of one million SDSS luminous red galaxies},
  author={Collister, Adrian and Lahav, Ofer and Blake, Chris and Cannon, Russell and Croom, Scott and Drinkwater, Michael and Edge, Alastair and Eisenstein, Daniel and Loveday, Jon and Nichol, Robert and others},
  journal={Monthly Notices of the Royal Astronomical Society},
  volume={375},
  number={1},
  pages={68--76},
  year={2007},
  publisher={Blackwell Publishing Ltd Oxford, UK}
}
@article{bilicki2013two,
  title={Two micron all sky survey photometric redshift catalog: A comprehensive three-dimensional census of the whole sky},
  author={Bilicki, Maciej and Jarrett, Thomas H and Peacock, John A and Cluver, Michelle E and Steward, Louise},
  journal={The Astrophysical Journal Supplement Series},
  volume={210},
  number={1},
  pages={9},
  year={2013},
  publisher={IOP Publishing}
}
@article{benitez2000bayesian,
  title={Bayesian photometric redshift estimation},
  author={Benitez, Narciso},
  journal={The Astrophysical Journal},
  volume={536},
  number={2},
  pages={571},
  year={2000},
  publisher={IOP Publishing}
}
@article{brammer2008eazy,
  title={EAZY: a fast, public photometric redshift code},
  author={Brammer, Gabriel B and van Dokkum, Pieter G and Coppi, Paolo},
  journal={The Astrophysical Journal},
  volume={686},
  number={2},
  pages={1503},
  year={2008},
  publisher={IOP Publishing}
}
@article{kotulla2009impact,
  title={Impact of subsolar metallicities on photometric redshifts},
  author={Kotulla, Ralf and Fritze, Uta},
  journal={Monthly Notices of the Royal Astronomical Society: Letters},
  volume={393},
  number={1},
  pages={L55--L59},
  year={2009},
  publisher={Blackwell Science Ltd Oxford, UK}
}
@article{dahlen2010detailed,
  title={A detailed study of photometric redshifts for GOODS-South galaxies},
  author={Dahlen, Tomas and Mobasher, Bahram and Dickinson, Mark and Ferguson, Henry C and Giavalisco, Mauro and Grogin, Norman A and Guo, Yicheng and Koekemoer, Anton and Lee, Kyoung-Soo and Lee, Seong-Kook and others},
  journal={The Astrophysical Journal},
  volume={724},
  number={1},
  pages={425},
  year={2010},
  publisher={IOP Publishing}
}
@article{bolzonella2000photometric,
  title={Photometric redshifts based on standard SED fitting procedures},
  author={Bolzonella, Micol and Miralles, Joan-Marc and Pell{\'o}, Roser},
  journal={Arxiv preprint astro-ph/0003380},
  year={2000}
}
@article{arnouts1999measuring,
  title={Measuring and modelling the redshift evolution of clustering: the Hubble Deep Field North},
  author={Arnouts, Stephane and Cristiani, Stefano and Moscardini, Lauro and Matarrese, Sabino and Lucchin, Francesco and Fontana, Adriano and Giallongo, Emanuele},
  journal={Monthly Notices of the Royal Astronomical Society},
  volume={310},
  number={2},
  pages={540--556},
  year={1999},
  publisher={Blackwell Science Ltd Oxford, UK}
}
@article{ilbert2006accurate,
  title={Accurate photometric redshifts for the CFHT legacy survey calibrated using the VIMOS VLT deep survey},
  author={Ilbert, Olivier and Arnouts, S and McCracken, HJ and Bolzonella, M and Bertin, E and Le Fevre, O and Mellier, Y and Zamorani, G and Pello, R and Iovino, A and others},
  journal={Astronomy \& Astrophysics},
  volume={457},
  number={3},
  pages={841--856},
  year={2006},
  publisher={EDP Sciences}
}
@article{assef2008low,
  title={Low-Resolution Spectral Templates for Galaxies from 0.2 to 10 $\mu$m},
  author={Assef, RJ and Kochanek, Christopher S and Brodwin, Mark and Brown, Michael James Isles and Caldwell, Nelson and Cool, RJ and Eisenhardt, P and Eisenstein, D and Gonzalez, Anthony H and Jannuzi, Buell T and others},
  journal={The Astrophysical Journal},
  volume={676},
  number={1},
  pages={286},
  year={2008},
  publisher={IOP Publishing}
}
@article{assef2010low,
  title={Low-resolution spectral templates for active galactic nuclei and galaxies from 0.03 to 30 $\mu$m},
  author={Assef, RJ and Kochanek, CS and Brodwin, M and Cool, R and Forman, W and Gonzalez, AH and Hickox, RC and Jones, C and Le Floc'h, E and Moustakas, J and others},
  journal={The Astrophysical Journal},
  volume={713},
  number={2},
  pages={970},
  year={2010},
  publisher={IOP Publishing}
}
@article{feldmann2006zurich,
  title={The zurich extragalactic bayesian redshift analyzer and its first application: COSMOS},
  author={Feldmann, R and Carollo, C Marcella and Porciani, C and Lilly, SJ and Capak, Peter and Taniguchi, Y and F{\`e}vre, O Le and Renzini, A and Scoville, Nicholas and Ajiki, M and others},
  journal={Monthly Notices of the Royal Astronomical Society},
  volume={372},
  number={2},
  pages={565--577},
  year={2006},
  publisher={Blackwell Publishing Ltd Oxford, UK}
}
@article{collister2004annz,
  title={ANNz: estimating photometric redshifts using artificial neural networks},
  author={Collister, Adrian A and Lahav, Ofer},
  journal={Publications of the Astronomical Society of the Pacific},
  volume={116},
  number={818},
  pages={345},
  year={2004},
  publisher={IOP Publishing}
}
@article{gerdes2010arborz,
  title={ArborZ: Photometric redshifts using boosted decision trees},
  author={Gerdes, David W and Sypniewski, Adam J and McKay, Timothy A and Hao, Jiangang and Weis, Matthew R and Wechsler, Risa H and Busha, Michael T},
  journal={The Astrophysical Journal},
  volume={715},
  number={2},
  pages={823},
  year={2010},
  publisher={IOP Publishing}
}
@article{wolf2009bayesian,
  title={Bayesian photometric redshifts with empirical training sets},
  author={Wolf, Christian},
  journal={Monthly Notices of the Royal Astronomical Society},
  volume={397},
  number={1},
  pages={520--533},
  year={2009},
  publisher={The Royal Astronomical Society}
}
@article{csabai2007multidimensional,
  title={Multidimensional indexing tools for the virtual observatory},
  author={Csabai, I and Dobos, L and Trencs{\'e}ni, M and Herczegh, G and J{\'o}zsa, P and Purger, N and Budav{\'a}ri, T and Szalay, AS},
  journal={Astronomische Nachrichten: Astronomical Notes},
  volume={328},
  number={8},
  pages={852--857},
  year={2007},
  publisher={Wiley Online Library}
}
@article{carliles2010random,
  title={Random forests for photometric redshifts},
  author={Carliles, Samuel and Budav{\'a}ri, Tam{\'a}s and Heinis, S{\'e}bastien and Priebe, Carey and Szalay, Alexander S},
  journal={The Astrophysical Journal},
  volume={712},
  number={1},
  pages={511},
  year={2010},
  publisher={IOP Publishing}
}
@article{brescia2014catalogue,
  title={A catalogue of photometric redshifts for the SDSS-DR9 galaxies},
  author={Brescia, M and Cavuoti, S and Longo, G and De Stefano, V},
  journal={Astronomy \& Astrophysics},
  volume={568},
  pages={A126},
  year={2014},
  publisher={EDP Sciences}
}
@article{elliott2015overlooked,
  title={The overlooked potential of Generalized Linear Models in astronomy-II: Gamma regression and photometric redshifts},
  author={Elliott, Jonathan and de Souza, Rafael S and Krone-Martins, Alberto and Cameron, Ewan and Ishida, Emille EO and Hilbe, J and COIN collaboration and others},
  journal={Astronomy and computing},
  volume={10},
  pages={61--72},
  year={2015},
  publisher={Elsevier}
}
@article{abdalla2011comparison,
  title={A comparison of six photometric redshift methods applied to 1.5 million luminous red galaxies},
  author={Abdalla, Filipe B and Banerji, Manda and Lahav, Ofer and Rashkov, Valery},
  journal={Monthly Notices of the Royal Astronomical Society},
  volume={417},
  number={3},
  pages={1891--1903},
  year={2011},
  publisher={Blackwell Publishing Ltd Oxford, UK}
}
@article{hildebrandt2010phat,
  title={PHAT: PHoto-z accuracy testing},
  author={Hildebrandt, H and Arnouts, S and Capak, P and Moustakas, LA and Wolf, Christian and Abdalla, Filipe B and Assef, RJ and Banerji, Manda and Ben{\'\i}tez, N and Brammer, GB and others},
  journal={Astronomy \& Astrophysics},
  volume={523},
  pages={A31},
  year={2010},
  publisher={EDP Sciences}
}
@article{dahlen2013critical,
  title={A critical assessment of photometric redshift methods: a CANDELS investigation},
  author={Dahlen, Tomas and Mobasher, Bahram and Faber, Sandra M and Ferguson, Henry C and Barro, Guillermo and Finkelstein, Steven L and Finlator, Kristian and Fontana, Adriano and Gruetzbauch, Ruth and Johnson, Seth and others},
  journal={The Astrophysical Journal},
  volume={775},
  number={2},
  pages={93},
  year={2013},
  publisher={IOP Publishing}
}
@article{collister2004annz,
  title={ANNz: estimating photometric redshifts using artificial neural networks},
  author={Collister, Adrian A and Lahav, Ofer},
  journal={Publications of the Astronomical Society of the Pacific},
  volume={116},
  number={818},
  pages={345},
  year={2004},
  publisher={IOP Publishing}
}
@article{accetta2022seventeenth,
  title={The Seventeenth Data Release of the Sloan Digital Sky Surveys: Complete Release of MaNGA, MaStar, and APOGEE-2 Data},
  author={Accetta, Katherine and Aerts, Conny and Aguirre, V{\'\i}ctor Silva and Ahumada, Romina and Ajgaonkar, Nikhil and Ak, N Filiz and Alam, Shadab and Prieto, Carlos Allende and Almeida, Andr{\'e}s and Anders, Friedrich and others},
  journal={The Astrophysical Journal Supplement Series},
  volume={259},
  number={2},
  pages={35},
  year={2022},
  publisher={IOP Publishing}
}
@article{gunn20062,
  title={The 2.5 m telescope of the sloan digital sky survey},
  author={Gunn, James E and Siegmund, Walter A and Mannery, Edward J and Owen, Russell E and Hull, Charles L and Leger, R French and Carey, Larry N and Knapp, Gillian R and York, Donald G and Boroski, William N and others},
  journal={The Astronomical Journal},
  volume={131},
  number={4},
  pages={2332},
  year={2006},
  publisher={IOP Publishing}
}
@article{smith2002ugriz,
  title={The ugriz standard-star system},
  author={Smith, J Allyn and Tucker, Douglas L and Kent, Stephen and Richmond, Michael W and Fukugita, Masataka and Ichikawa, Takashi and Ichikawa, Shin-ichi and Jorgensen, Anders M and Uomoto, Alan and Gunn, James E and others},
  journal={The Astronomical Journal},
  volume={123},
  number={4},
  pages={2121},
  year={2002},
  publisher={IOP Publishing}
}
@article{eisenstein2011sdss,
  title={SDSS-III: Massive spectroscopic surveys of the distant universe, the Milky Way, and extra-solar planetary systems},
  author={Eisenstein, Daniel J and Weinberg, David H and Agol, Eric and Aihara, Hiroaki and Prieto, Carlos Allende and Anderson, Scott F and Arns, James A and Aubourg, {\'E}ric and Bailey, Stephen and Balbinot, Eduardo and others},
  journal={The Astronomical Journal},
  volume={142},
  number={3},
  pages={72},
  year={2011},
  publisher={IOP Publishing}
}
@article{li2008casjobs,
  title={CasJobs and MyDB: A batch query workbench},
  author={Li, Nolan and Thakar, Ani R},
  journal={Computing in Science \& Engineering},
  volume={10},
  number={1},
  pages={18--29},
  year={2008},
  publisher={IEEE}
}

% Symbolic Regression

@article{schmidt2009distilling,
  title={Distilling free-form natural laws from experimental data},
  author={Schmidt, Michael and Lipson, Hod},
  journal={science},
  volume={324},
  number={5923},
  pages={81--85},
  year={2009},
  publisher={American Association for the Advancement of Science}
}
@software{pysr,
  author       = {Miles Cranmer},
  title        = {PySR: Fast \& Parallelized Symbolic Regression in Python/Julia},
  month        = sep,
  year         = 2020,
  publisher    = {Zenodo},
  doi          = {10.5281/zenodo.4041459},
  url          = {http://doi.org/10.5281/zenodo.4041459}
}
@article{cranmer2020discovering,
      title={Discovering Symbolic Models from Deep Learning with Inductive Biases}, 
      author={Miles Cranmer and Alvaro Sanchez-Gonzalez and Peter Battaglia and Rui Xu and Kyle Cranmer and David Spergel and Shirley Ho},
      journal={NeurIPS 2020},
      year={2020},
      eprint={2006.11287},
      archivePrefix={arXiv},
      primaryClass={cs.LG}
}
@article{udrescu2020ai,
  title={AI Feynman: A physics-inspired method for symbolic regression},
  author={Udrescu, Silviu-Marian and Tegmark, Max},
  journal={Science Advances},
  volume={6},
  number={16},
  pages={eaay2631},
  year={2020},
  publisher={American Association for the Advancement of Science}
}
@article{wu2019toward,
  title={Toward an artificial intelligence physicist for unsupervised learning},
  author={Wu, Tailin and Tegmark, Max},
  journal={Physical Review E},
  volume={100},
  number={3},
  pages={033311},
  year={2019},
  publisher={APS}
}
@article{villaescusa2021camels,
  title={The CAMELS Project: Cosmology and Astrophysics with Machine-learning Simulations},
  author={Villaescusa-Navarro, Francisco and Angl{\'e}s-Alc{\'a}zar, Daniel and Genel, Shy and Spergel, David N and Somerville, Rachel S and Dave, Romeel and Pillepich, Annalisa and Hernquist, Lars and Nelson, Dylan and Torrey, Paul and others},
  journal={The Astrophysical Journal},
  volume={915},
  number={1},
  pages={71},
  year={2021},
  publisher={IOP Publishing}
}
@article{kim2020integration,
  title={Integration of neural network-based symbolic regression in deep learning for scientific discovery},
  author={Kim, Samuel and Lu, Peter Y and Mukherjee, Srijon and Gilbert, Michael and Jing, Li and {\v{C}}eperi{\'c}, Vladimir and Solja{\v{c}}i{\'c}, Marin},
  journal={IEEE Transactions on Neural Networks and Learning Systems},
  volume={32},
  number={9},
  pages={4166--4177},
  year={2020},
  publisher={IEEE}
}
@article{liu2021machine,
  title={Machine learning conservation laws from trajectories},
  author={Liu, Ziming and Tegmark, Max},
  journal={Physical Review Letters},
  volume={126},
  number={18},
  pages={180604},
  year={2021},
  publisher={APS}
}
@article{wilstrup2021symbolic,
  title={Symbolic regression outperforms other models for small data sets},
  author={Wilstrup, Casper and Kasak, Jaan},
  journal={arXiv preprint arXiv:2103.15147},
  year={2021}
}
@article{hogan2015gaz,
  title={GAz: a genetic algorithm for photometric redshift estimation},
  author={Hogan, Robert and Fairbairn, Malcolm and Seeburn, Navin},
  journal={Monthly Notices of the Royal Astronomical Society},
  volume={449},
  number={2},
  pages={2040--2046},
  year={2015},
  publisher={Oxford University Press}
}