@article{suzuki2012hubble,
  title={The Hubble Space Telescope cluster supernova survey. V. Improving the dark-energy constraints above z> 1 and building an early-type-hosted supernova sample},
  author={Suzuki, N and Rubin, D and Lidman, C and Aldering, G and Amanullah, R and Barbary, K and Barrientos, LF and Botyanszki, J and Brodwin, M and Connolly, N and others},
  journal={The Astrophysical Journal},
  volume={746},
  number={1},
  pages={85},
  year={2012},
  publisher={IOP Publishing}
}