@article{riess1998observational,
  title={Observational evidence from supernovae for an accelerating universe and a cosmological constant},
  author={Riess, Adam G and Filippenko, Alexei V and Challis, Peter and Clocchiatti, Alejandro and Diercks, Alan and Garnavich, Peter M and Gilliland, Ron L and Hogan, Craig J and Jha, Saurabh and Kirshner, Robert P and others},
  journal={The Astronomical Journal},
  volume={116},
  number={3},
  pages={1009},
  year={1998},
  publisher={IOP Publishing}
}
@article{perlmutter1999measurements,
  title={Measurements of $\Omega$ and $\Lambda$ from 42 high-redshift supernovae},
  author={Perlmutter, Saul and Aldering, Goldhaber and Goldhaber, Gerson and Knop, RA and Nugent, Peter and Castro, Patricia G and Deustua, Susana and Fabbro, Sebastien and Goobar, Ariel and Groom, Donald E and others},
  journal={The Astrophysical Journal},
  volume={517},
  number={2},
  pages={565},
  year={1999},
  publisher={IOP Publishing}
}
@article{schaefer2007hubble,
  title={The Hubble diagram to redshift> 6 from 69 gamma-ray bursts},
  author={Schaefer, Bradley E},
  journal={The Astrophysical Journal},
  volume={660},
  number={1},
  pages={16},
  year={2007},
  publisher={IOP Publishing}
}
@article{li2007variation,
  title={Variation of the Amati relation with cosmological redshift: a selection effect or an evolution effect?},
  author={Li, Li-Xin},
  journal={Monthly Notices of the Royal Astronomical Society: Letters},
  volume={379},
  number={1},
  pages={L55--L59},
  year={2007},
  publisher={Blackwell Science Ltd Oxford, UK}
}
@article{basilakos2008testing,
  title={Testing gamma-ray bursts as standard candles},
  author={Basilakos, Spyros and Perivolaropoulos, Leandros},
  journal={Monthly Notices of the Royal Astronomical Society},
  volume={391},
  number={1},
  pages={411--419},
  year={2008},
  publisher={Blackwell Publishing Ltd Oxford, UK}
}
@article{wang2011updated,
  title={The updated luminosity correlations of gamma-ray bursts and cosmological implications},
  author={Wang, Fa-Yin and Qi, Shi and Dai, Zi-Gao},
  journal={Monthly Notices of the Royal Astronomical Society},
  volume={415},
  number={4},
  pages={3423--3433},
  year={2011},
  publisher={Blackwell Publishing Ltd Oxford, UK}
}
@article{tang2021model,
  title={Model-independently calibrating the luminosity correlations of gamma-ray bursts using deep learning},
  author={Tang, Li and Li, Xin and Lin, Hai-Nan and Liu, Liang},
  journal={The Astrophysical Journal},
  volume={907},
  number={2},
  pages={121},
  year={2021},
  publisher={IOP Publishing}
}